@inproceedings{naiad,
 author = {Murray, Derek G. and McSherry, Frank and Isaacs, Rebecca and Isard, Michael and Barham, Paul and Abadi, Mart\'{\i}n},
 title = {Naiad: A Timely Dataflow System},
 booktitle = {Proceedings of the Twenty-Fourth ACM Symposium on Operating Systems Principles},
 series = {SOSP '13},
 year = {2013},
 isbn = {978-1-4503-2388-8},
 pages = {439--455},
 numpages = {17},
 doi = {10.1145/2517349.2522738},
 acmid = {2522738},
 publisher = {ACM}
}

@article{pubsub,
 author = {Eugster, Patrick Th. and Felber, Pascal A. and Guerraoui, Rachid and Kermarrec, Anne-Marie},
 title = {The Many Faces of Publish/Subscribe},
 journal = {ACM Comput. Surv.},
 issue_date = {June 2003},
 volume = {35},
 number = {2},
 month = jun,
 year = {2003},
 issn = {0360-0300},
 pages = {114--131},
 numpages = {18},
 doi = {10.1145/857076.857078},
 acmid = {857078},
 publisher = {ACM},
 address = {New York, NY, USA},
 keywords = {Distribution, interaction, publish/subscribe},
} 
